%%
%% WinShell 3.3.2.4
%% http://www.winshell.org/
%%

% Strings


% Preamble


% BibTeX Entries
@inproceedings{Abramov10,
 author               = {Abramov, A. and Aksoy, E.~E. and D\"orr, J. and Pauwels, K. and W\"org\"otter, F. and Dellen, BK.},
 booktitle            = {5th International Symposium 3D Data Processing, Visualization and Transmission},
 pages                = {1--8},
 title                = {3D Semantic Representation of Actions from efficient stereo-image-sequence segmentation on {GPU}s},
 year                 = {2010},
 }
@inproceedings{Waechter2013,
 author               = {M. W\"achter and S. Schulz and T. Asfour and E.~E. Aksoy and F. W\"org\"otter and R. Dillmann},
 booktitle            = {IEEE/RAS Int. Conf. on Humanoid Robots},
 title                = {Action Sequence Reproduction based on Automatic Segmentation and Object-Action Complexes},
 year                 = {2013},
 }
 
@inproceedings{David2014,
 author               = {Martinez, David and Alenya, Guillem and Jimenez, Pablo and Torras, Carme and Rossmann, J\"urgen and Wantia, Nils and Aksoy, Eren Erdal and Haller, Simon and Piater, Justus},
 booktitle            = {IEEE Int. Conf. on Robotics and Automation},
 title                = {Active Learning of Manipulation Sequences},
 year                 = {2014},
 }
 
@inproceedings{Luo2011,
 author               = {Guoliang Luo and Bergstrom, N. and Ek, C.H. and Kragic, D.},
 booktitle            = {2011 IEEE/RSJ International Conference on Intelligent Robots and Systems (IROS)},
 pages                = {2028-2035},
 title                = {Representing actions with kernels},
 year                 = {2011},
 }

@inproceedings{Vuga2013,
 author               = {Vuga, Rok and Aksoy, Eren Erdal and W\"org\"otter, Florentin and Ude, Ales},
 booktitle            = {International Workshop on Robotics in Alpe-Adria-Danube Region (RAAD)},
 title                = {Augmenting semantic event chains with trajectory information for learning and recognition of manipulation tasks},
 year                 = {2013},
 }
 
@inproceedings{Vuga2014,
 author               = {Vuga, Rok and Aksoy, Eren Erdal and W\"org\"otter, Florentin and Ude, Ales},
 booktitle            = {Robotics and Autonomous Systems (RAS)},
 title                = {Probabilistic semantic models for manipulation action representation and extraction},
 year                 = {2014},
 }

@article{Abramov12,
 author               = {Abramov, A. and Pauwels, K. and Papon, J. and W\"org\"otter, F. and Dellen, B.},
 journal              = {IEEE Transactions on Circuits and Systems for Video Technology (in press)},
 title                = {Real-time Segmentation of Stereo Videos on a Portable System with a Mobile {GPU}},
 year                 = {2012},
 }

@incollection{Abramov2010,
 address              = {Berlin, Heidelberg},
 author               = {Abramov, A. and Kulvicius, T. and W\"{o}rg\"{o}tter, F. and Dellen, B.},
 booktitle            = {Facing the multicore-challenge},
 editor               = {Keller, Rainer and Kramer, David and Weiss, Jan-Philipp},
 pages                = {131--142},
 publisher            = {Springer-Verlag},
 title                = {Real-time image segmentation on a GPU},
 year                 = {2010},
 }

@inproceedings{aein2013toward,
  title={Toward a library of manipulation actions based on semantic object-action relations},
  author={Aein, MJ and Aksoy, EE and Tamosiunaite, M and Papon, J and Ude, A and Worgotter, F},
  booktitle={Intelligent Robots and Systems (IROS), 2013 IEEE/RSJ International Conference on},
  pages={4555--4562},
  year={2013},
  organization={IEEE}
}

 
  
 
@inproceedings{Aksoy2010,
 author               = {Aksoy, E.~E. and Abramov, A. and W\"org\"otter, F. and Dellen, B.},
 booktitle            = {IEEE International Conference on Robotics and Automation (ICRA)},
 month                = {may},
 pages                = {398--405},
 title                = {Categorizing object-action relations from semantic scene graphs},
 year                 = {2010},
 }

@article{Aksoy2011,
 author               = {Aksoy, E.~E. and Abramov, A. and D\"orr, J. and Ning, K. and Dellen, B. and W\"org\"otter, F.},
 journal              = {The International Journal of Robotics Research},
 number               = {10},
 pages                = {1229--1249},
 title                = {Learning the semantics of object-action relations by observation},
 volume               = {30},
 year                 = {2011},
 }

@inproceedings{Aksoy2011b,
 author               = {Aksoy, E.~E. and Dellen, B. and Tamosiunaite, M. and W\"org\"otter, F.},
 booktitle            = {IEEE-RAS International Conference on Humanoid Robots},
 pages                = {576--583},
 title                = {Execution of a Dual-Object (Pushing) Action with Semantic Event Chains},
 year                 = {2011},
 }

@inproceedings{Aksoy2013,
 author               = {E. E. Aksoy and M. Tamosiunaite and R. Vuga and A. Ude and C. Geib and M. Steedman and F. W{\"o}rg{\"o}tter},
 booktitle            = {IEEE Int. Conf. on Development and Learning and Epigenetic Robotics},
 title                = {Structural bootstrapping at the sensorimotor level for the fast acquisition of action knowledge for cognitive robots},
 year                 = {2013},
 }

@article{AksoyIJCV2014,
 author               = {Aksoy, E.~E.  and W\"org\"otter, F.},
 journal              = {International Journal of Computer Vision},
 title                = {Semantic Decomposition and Recognition of Long and Complex Manipulation Action Sequences  (under review)},
 year                 = {2014},
 }

@article{AksoyRAS2014,
 author               = {Aksoy, E.~E. and Tamosiunaite, M. and W\"org\"otter, F.},
 journal              = {Robotics and Autonomous Systems (RAS)},
 title                = {Model-Free Incremental Learning of the Semantics of Manipulation Actions},
 year                 = {2014},
 }

@article{Lee2013,
 author = {Lee, Kyuhwa and Su, Yanyu and Kim, Tae-Kyun and Demiris, Yiannis},
 title = {A Syntactic Approach to Robot Imitation Learning Using Probabilistic Activity Grammars},
 journal = {Robotics and Autonomous Systems},
 volume = {61},
 number = {12},
 month = dec,
 year = {2013},
 pages = {1323--1334},
}


@inproceedings{Ahmadzadeh2015,
 author               = {Seyed Reza Ahmadzadeh and  Ali Paikan and Fulvio Mastrogiovanni and Lorenzo Natale and Petar Kormushev and Darwin G. Caldwell},
 booktitle            = {IEEE International Conference on Robotics and Automation (ICRA)}, 
 title                = {Learning Symbolic Representations of Actions from Human Demonstrations (submitted)},
 year                 = {2015},
 }
 
 
 

@article{Asfour2008,
 author               = {Asfour, T. and Azad, P. and Gyarfas, F. and Dillmann, R.},
 journal              = {Int. J. Hum. Robot.},
 pages                = {183--202},
 title                = {Imitation learning of dual-arm manipulation tasks in humanoid robots},
 volume               = {5},
 year                 = {2008},
 }

@phdthesis{Badler1975,
 author               = {Badler, N.I.},
 school               = {University of Toronto, Canada},
 title                = {Temporal Scene Analysis: Conceptual Descriptions of Object Movements},
 year                 = {1975},
 }

@article{Billard2006,
 author               = {Billard, A. and Calinon, S. and Guenter, F.},
 journal              = {Robot. Auton. Syst.},
 pages                = {370--384},
 title                = {Discriminative and adaptive imitation in uni-manual and bi-manual tasks},
 volume               = {54},
 year                 = {2006},
 }

@article{bochmann1978finite,
 author               = {Bochmann, G.V.},
 journal              = {Computer Networks (1976)},
 number               = {4-5},
 pages                = {361--372},
 publisher            = {Elsevier},
 title                = {Finite state description of communication protocols},
 volume               = {2},
 year                 = {1978},
 }

@inproceedings{Bosch2007,
 author               = {Bosch, A. and Zisserman, A. and Munoz, X.},
 booktitle            = {Proc. 11th Int. Conf. Computer Vision},
 title                = {Image Classification using Random Forests and Ferns},
 year                 = {2007},
 }

@article{Brooks86,
 author               = {Brooks, R.},
 doi                  = {10.1109/JRA.1986.1087032},
 issn                 = {0882-4967},
 journal              = {Robotics and Automation, IEEE Journal of},
 keywords             = {Hierarchical systems; Robots, locomotion; Robustness;},
 month                = {mar},
 number               = {1},
 pages                = {14 - 23},
 title                = {A robust layered control system for a mobile robot},
 volume               = {2},
 year                 = {1986},
 }

@book{Buitelaar2008,
 description          = {Frontiers in Artificial Intelligence and Applications Series},
 editor               = {Buitelaar, P. and Cimiano, P.},
 publisher            = {IOS Press},
 title                = {Ontology Learning and Population: Bridging the Gap betweenText and Knowledge},
 volume               = {167},
 year                 = {2008},
 }

@article{Calinon07,
 author               = {Calinon, Sylvain and Guenter, Florent and Billard, Aude},
 journal              = {IEEE Transactions on Systems, Man and Cybernetics -- Part B: Cybernetics},
 number               = {2},
 pages                = {286--298},
 title                = {{On Learning, Representing, and Generalizing a Task in a Humanoid Robot}},
 volume               = {37},
 year                 = {2007},
 }

@article{Calinon2007,
 author               = {Calinon, S. and Guenter, F. and Billard, A.},
 doi                  = {10.1109/TSMCB.2006.886952},
 issn                 = {1083-4419},
 journal              = {Systems, Man, and Cybernetics, Part B: Cybernetics, IEEE Transactions on},
 month                = {april},
 number               = {2},
 pages                = {286 -298},
 title                = {On Learning, Representing, and Generalizing a Task in a Humanoid Robot},
 volume               = {37},
 year                 = {2007},
 }

@article{Comaniciu2002,
 author               = {Comaniciu, D. and Meer, P.},
 journal              = {IEEE Trans. Pattern. Anal. Mach. Intell.},
 pages                = {603--619},
 title                = {Mean shift: {A} robust approach toward feature space analysis},
 volume               = {24},
 year                 = {2002},
 }

@inproceedings{Cubek11,
 author               = {R. Cubek and W. Ertel},
 booktitle            = {3rd Workshop on Learning and Planning, ICAPS (21st International Conference on Automated Planning and Scheduling)},
 title                = {{Learning and Execution of High-Level Concepts with Conceptual Spaces and PDDL}},
 year                 = {2011},
 }

@article{Datta2008,
 author               = {Datta, R. and Joshi, D. and Li, J. and Wang, J. Z.},
 issue                = {2},
 journal              = {ACM Comput. Surv.},
 pages                = {1--60},
 title                = {Image Retrieval: Ideas, Influences, and Trends of the New Age},
 volume               = {40},
 year                 = {2008},
 }

@article{Dillmann2010,
 affiliation          = {Adenauerring 2, 76131 Karlsruhe, Germany},
 author               = {Dillmann, Rüdiger and Asfour, Tamim and Do, Martin and Jäkel, Rainer and Kasper, Alexander and Azad, Pedram and Ude, Aleš and Schmidt-Rohr, Sven and Lösch, Martin},
 issn                 = {0933-1875},
 issue                = {4},
 journal              = {KI - Künstliche Intelligenz},
 keyword              = {Computer Science},
 note                 = {10.1007/s13218-010-0060-0},
 pages                = {295-303},
 publisher            = {Springer Berlin / Heidelberg},
 title                = {Advances in Robot Programming by Demonstration},
 url                  = {http://dx.doi.org/10.1007/s13218-010-0060-0},
 volume               = {24},
 year                 = {2010},
 }

@article{Ekvall08,
 author               = {Staffan Ekvall and Danica Kragic},
 journal              = {International Journal of Advanced Robotic Systems},
 number               = {3},
 pages                = {223--234},
 title                = {Robot learning from demonstration: a task-level planning approach},
 volume               = {5},
 year                 = {2008},
 }

@inproceedings{Ekvall2006,
 author               = {Ekvall, S. and Kragic, D.},
 booktitle            = {Robot and Human Interactive Communication, 2006. ROMAN 2006. The 15th IEEE International Symposium on},
 doi                  = {10.1109/ROMAN.2006.314460},
 keywords             = {contraints identification methods;multiple human demonstrations;robot tasks;state generation;task goal;task level planner;task models;task plan;learning by example;robots;},
 month                = {sept.},
 pages                = {358 -363},
 title                = {Learning Task Models from Multiple Human Demonstrations},
 year                 = {2006},
 }

@article{Felzenszwalb2004,
 author               = {Felzenszwalb, P. F. and Huttenlocher, D. P.},
 issn                 = {0920-5691},
 issue                = {2},
 journal              = {Int. J. Comput. Vision},
 month                = {Sep.},
 pages                = {167--181},
 publisher            = {Kluwer Academic Publishers},
 title                = {Efficient graph-based image segmentation},
 volume               = {59},
 year                 = {2004},
 }

@inproceedings{Fergus2005,
 author               = {Fergus, R. and Fei-Fei, L. and Perona, P. and Zisserman, A.},
 booktitle            = {Proc. 10th Int. Conf. Computer Vision},
 pages                = {1816--1823},
 title                = {Learning object categories from Google's image search},
 volume               = {2},
 year                 = {2005},
 }

@book{Francis1982,
 author               = {Francis, W. N. and Kucera, H.},
 publisher            = {Houghton Mifflin, Boston},
 title                = {Frequency analysis of {E}nglish usage},
 year                 = {1982},
 }

@inproceedings{Gangemi2003,
 author               = {Gangemi, A. and Navigli, R. and Velardi, P.},
 booktitle            = {Proc. CoopIS/DOA/ODBASE'03},
 pages                = {820-838},
 title                = {The OntoWordNet Project: Extension and Axiomatization of Conceptual Relations in WordNet},
 year                 = {2003},
 }

@inproceedings{Gordon2010,
 author               = {Gordon, J. and Van-Durme, B. and Schubert, L.},
 booktitle            = {Proc. WikiAI 2010},
 title                = {Learning from the Web: Extracting General World Knowledge from Noisy Text},
 year                 = {2010},
 }

@inproceedings{Gupta2004,
 author               = {Gupta, R. and Kochenderfer, M. J.},
 booktitle            = {Nat. Conf. Artificial Intelligence},
 pages                = {605--610},
 title                = {Common Sense Data Acquisition for Indoor Mobile Robots},
 year                 = {2004},
 }

@inproceedings{Hoffmann2009,
 author               = {Hoffmann, H. and Pastor, P. and Park, D.-H. and Schaal, S.},
 booktitle            = {Proc. 2009 IEEE Int. Conf. Robotics and Automation},
 location             = {Kobe, Japan},
 pages                = {1534--1539},
 title                = {Biologically-inspired dynamical systems for movement generation: automatic real-time goal adaptation and obstacle avoidance},
 year                 = {2009},
 }

@inproceedings{Ijspeert2002,
 author               = {Ijspeert, J. A. and Nakanishi, J. and Schaal, S.},
 booktitle            = {Proc. 2002 IEEE Int. Conf. Robotics and Automation},
 pages                = {1398--1403},
 title                = {Movement imitation with nonlinear dynamical systems in humanoid robots},
 year                 = {2002},
 }

@article{Ikeuchi94,
 author               = {Katsushi Ikeuchi and T. Suehiro},
 journal              = {IEEE Trans. Robotics and Automation},
 month                = {June},
 number               = {3},
 pages                = {368-385},
 title                = {Toward an Assembly Plan from Observation, Part {I}: Task Recognition with Polyhedral Objects},
 volume               = {10},
 year                 = {1994},
 }

@inproceedings{Khansari2010,
 author               = {Khansari-Zadeh, S. M. and Billard, A.},
 booktitle            = {Proc. 2010 IEEE Int. Conf. Robotics and Automation},
 location             = {Anchorage, Alaska},
 pages                = {2381--2388},
 title                = {{BM}: An iterative method to learn stable non-linear dynamical systems with gaussian mixture models},
 year                 = {2010},
 }

@article{Kjellstrom11,
 author               = {Kjellstr\"{o}m, Hedvig and Romero, Javier and Kragi\'{c}, Danica},
 issn                 = {1077-3142},
 issue_date           = {January, 2011},
 journal              = {Comput. Vis. Image Underst.},
 month                = {jan},
 number               = {1},
 numpages             = {10},
 pages                = {81--90},
 title                = {Visual object-action recognition: Inferring object affordances from human demonstration},
 volume               = {115},
 year                 = {2011},
 }

@article{Kjellstrom2011,
 author               = {Kjellstr{\"o}m, H. and Romero, J. and Kragi{\'c}, D.},
 journal              = {Comput. Vis. Image Und.},
 number               = {1},
 pages                = {81--90},
 title                = {Visual object-action recognition: {I}nferring object affordances from human demonstration},
 volume               = {115},
 year                 = {2011},
 }

@article{kube1997task,
 author               = {Kube, C.R.},
 journal              = {Autonomous Robots},
 number               = {1},
 pages                = {53--72},
 publisher            = {Springer},
 title                = {Task modelling in collective robotics},
 volume               = {4},
 year                 = {1997},
 }

@book{Kucera1967,
 added-at             = {2009-06-04T20:45:33.000+0200},
 address              = {Providence, {RI}},
 author               = {Kucera, H. and Francis, W. N.},
 biburl               = {http://www.bibsonomy.org/bibtex/2211c068dad98689f6b9dd5265c42de0a/quesada},
 description          = {Computational analysis of present-day American English},
 interhash            = {ff9d0efba51bbd62bd957975c9797138},
 intrahash            = {211c068dad98689f6b9dd5265c42de0a},
 keywords             = {jabref:noKeywordAssigned},
 publisher            = {Brown University Press},
 timestamp            = {2009-06-04T20:45:33.000+0200},
 title                = {Computational analysis of present-day American English},
 year                 = {1967},
 }

@article{Kulvicius2011,
 author               = {Kulvicius, T. and Ning, K. J. and Tamosiunaite, M. and W{\"o}rg{\"o}tter, F.},
 journal              = {IEEE Trans. Robot.},
 number               = {99},
 pages                = {1--13},
 title                = {Joining movement sequences: {M}odified dynamic movement primitives for robotics applications exemplified on handwriting},
 url                  = {http://dx.doi.org/10.1109/TRO.2011.2163863},
 volume               = {PP},
 year                 = {2011},
 }
@article{Kulvicius2012,
 author={Kulvicius, T. and Ning, K. J. and Tamosiunaite, M. and W{\"o}rg{\"o}tter, F.},
 title={Joining movement sequences: {M}odified dynamic movement primitives for robotics applications exemplified on handwriting},
 journal={IEEE Trans. Robot.},
 year={2012},
 volume={28},
 number={1},
 pages={145--157},
}
@inproceedings{kunze11srdl,
 address              = {Shanghai, China},
 author               = {Lars Kunze and Tobias Roehm and Michael Beetz},
 bib2html_domain      = {Assistive Household},
 bib2html_funding     = {CoTeSys},
 bib2html_groups      = {K4C},
 bib2html_pubtype     = {Conference Paper},
 bib2html_rescat      = {Representation, Reasoning},
 booktitle            = {IEEE International Conference on Robotics and Automation (ICRA)},
 month                = {May, 9--13},
 pages                = {5589--5595},
 title                = {Towards Semantic Robot Description Languages},
 year                 = {2011},
 }

@inproceedings{Kunze2010,
 address              = {Berlin, Heidelberg},
 author               = {Kunze, L. and Tenorth, M. and Beetz, M.},
 booktitle            = {Proc. 33rd Ann. German Conf. Advances in Artificial Intelligence},
 location             = {Karlsruhe, Germany},
 pages                = {151--159},
 publisher            = {Springer-Verlag},
 title                = {Putting people's common sense into knowledge bases of household robots},
 year                 = {2010},
 }

@inproceedings{Laptev2007,
 author               = {Laptev, I. and P�rez, P.},
 booktitle            = {Proc. IEEE Int. Conf. Computer Vision},
 title                = {Retrieving actions in movies},
 year                 = {2007},
 }

@inproceedings{Lee2006,
 author               = {Lee, D. and Nakamura, Y.},
 booktitle            = {Intelligent Robots and Systems, 2006 IEEE/RSJ International Conference on},
 doi                  = {10.1109/IROS.2006.282525},
 month                = {oct.},
 pages                = {4994 -5000},
 title                = {Stochastic Model of Imitating a New Observed Motion Based on the Acquired Motion Primitives},
 year                 = {2006},
 }

@article{Liu2004,
 author               = {Liu, H. and Singh, P.},
 issue                = {4},
 journal              = {BT Technol. J.},
 pages                = {221--226},
 title                = {ConceptNet: a practical commonsense reasoning toolkit},
 volume               = {22},
 year                 = {2004},
 }

@article{Lowe04,
 author               = {Lowe, David G.},
 issue_date           = {November 2004},
 journal              = {International Journal of Computer Vision},
 month                = {nov},
 number               = {2},
 numpages             = {20},
 pages                = {91--110},
 title                = {Distinctive Image Features from Scale-Invariant Keypoints},
 volume               = {60},
 year                 = {2004},
 }

@article{Lowe2004,
 author               = {Lowe, D. G.},
 issue                = {2},
 journal              = {Int. J. Comput. Vision},
 pages                = {91--110},
 title                = {Distinctive Image Features from Scale-Invariant Keypoints},
 volume               = {60},
 year                 = {2004},
 }

@inproceedings{Lowe99,
 author               = {Lowe, David G.},
 booktitle            = {Proceedings of the International Conference on Computer Vision-Volume 2 - Volume 2},
 pages                = {1150--1157},
 series               = {ICCV '99},
 title                = {Object Recognition from Local Scale-Invariant Features},
 year                 = {1999},
 }

@inproceedings{Luksch12,
 author               = {Tobias Luksch and Michael Gienger and Manuel M\"{u}hlig and Takahide Yoshiike},
 booktitle            = {Proceedings of the 7th German Conference on Robotics (Robotik 2012)},
 note                 = {to be published},
 title                = {A Dynamical Systems Approach to Adaptive Sequencing of Movement Primitives},
 year                 = {2012},
 }

@article{Maedche2001,
 author               = {Maedche, E. and Staab, S.},
 journal              = {IEEE Intell. Syst.},
 pages                = {72--79},
 title                = {Ontology Learning for the Semantic Web},
 volume               = {16},
 year                 = {2001},
 }

@inproceedings{Michelman94,
 author               = {Michelman, P. and Allen, P.},
 booktitle            = {Robotics and Automation, 1994. Proceedings., 1994 IEEE International Conference on},
 doi                  = {10.1109/ROBOT.1994.351050},
 keywords             = {2D rotation; 2D translation; Utah-MIT hand; complex dextrous manipulations; dextrous hand; finite state machines; grasping forces; sequential combinations; task primitives; finite automata; finite state machines; force control; manipulators; position control;},
 month                = {may},
 pages                = {3383 -3388 vol.4},
 title                = {Forming complex dextrous manipulations from task primitives},
 year                 = {1994},
 }

@article{Miller_1990,
 author               = {Miller, G. A. and Beckwith, R. and Fellbaum, C. D. and Gross, D. and Miller, K.},
 journal              = {Int. J. Lexicograph.},
 pages                = {235�-244},
 title                = {WordNet: An online lexical database.},
 volume               = {3(4)},
 year                 = {1990},
 }

@article{mohri1997finite,
 author               = {Mohri, M.},
 journal              = {Computational linguistics},
 number               = {2},
 pages                = {269--311},
 publisher            = {MIT Press},
 title                = {Finite-state transducers in language and speech processing},
 volume               = {23},
 year                 = {1997},
 }

@article{moore1956gedanken,
 author               = {Moore, E.F.},
 journal              = {Automata studies},
 pages                = {129--153},
 publisher            = {Princeton},
 title                = {Gedanken-experiments on sequential machines},
 volume               = {34},
 year                 = {1956},
 }

@book{Paivio1971,
 author               = {Paivio, A.},
 publisher            = {New York: Holt, Rinehart, and Winston},
 title                = {Imagery and verbal processes},
 year                 = {1971},
 }

@inproceedings{PaponOcl2011,
 author               = {Jeremie Papon and Alexey Abramov and Eren Erdal Aksoy and Florentin W\"{o}rg\"{o}tter},
 booktitle            = {IEEE Workshop on Applications of Computer Vision (WACV)},
 month                = {jan.},
 pages                = {361--368},
 title                = {A Modular System Architecture for Online Parallel Vision Pipelines},
 year                 = {2012},
 }

@article{Pardowitz07,
 author               = {Michael Pardowitz and Steffen Knoop and R\"{u}diger Dillmann and Raoul D. Z\"{o}llner},
 journal              = {IEEE Transactions on Systems, Man and Cybernetics -- Part B: Cybernetics},
 number               = {2},
 pages                = {322--332},
 title                = {{Incremental Learning of Tasks From User Demonstrations, Past Experiences, and Vocal Comments}},
 volume               = {37},
 year                 = {2007},
 }

@article{Pardowitz2007,
 author               = {Pardowitz, M. and Knoop, S. and Dillmann, R. and Zollner, R.D.},
 doi                  = {10.1109/TSMCB.2006.886951},
 issn                 = {1083-4419},
 journal              = {Systems, Man, and Cybernetics, Part B: Cybernetics, IEEE Transactions on},
 keywords             = {autonomous information estimation;incremental learning;incremental reasoning;learning-by-demonstration paradigm;manipulation tasks;model-based representation;past experiences;robot assistants;robotics community;task-specific knowledge;user demonstration task;user-friendly programming interface;vocal comments;humanoid robots;learning by example;man-machine systems;Algorithms;Artificial Intelligence;Biomimetics;Cybernetics;Humans;Imitative Behavior;Man-Machine Systems;Robotics;Speech Perception;Task Performance and Analysis;},
 month                = {april},
 number               = {2},
 pages                = {322 -332},
 title                = {Incremental Learning of Tasks From User Demonstrations, Past Experiences, and Vocal Comments},
 volume               = {37},
 year                 = {2007},
 }

@book{Piaget1953,
 address              = {London, New York},
 author               = {Jean Piaget},
 publisher            = {Routledge},
 title                = {{The Origins of Intelligence in the Child}},
 year                 = {1953},
 }

@book{robotic_handbook,
 bibsource            = {DBLP, http://dblp.uni-trier.de},
 editor               = {Bruno Siciliano and Oussama Khatib},
 isbn                 = {978-3-540-23957-4},
 publisher            = {Springer},
 title                = {Springer Handbook of Robotics},
 year                 = {2008},
 }

@article{Schaal1999,
 author               = {Schaal, Stefan},
 journal              = {Trends in Cognitive Sciences},
 pages                = {233--242},
 title                = {Is Imitation Learning the Route to Humanoid Robots?},
 volume               = {3},
 year                 = {1999},
 }

@article{Schaal2007,
 author               = {Schaal, S. and Mohajerian, P. and Ijspeert, A.},
 journal              = {Prog. Brain Res.},
 pages                = {425--445},
 title                = {Dynamics systems vs. optimal control--a unifying view},
 volume               = {165},
 year                 = {2007},
 }

@book{spong2006robot,
 author               = {Spong, M.W. and Hutchinson, S. and Vidyasagar, M.},
 publisher            = {John Wiley \& Sons New York, NY, USA:},
 title                = {Robot modeling and control},
 year                 = {2006},
 }

@inproceedings{Sridhar08,
 author               = {Sridhar, M. and Cohn, G.~A. and Hogg, D.},
 booktitle            = {Proc. 18th European Conference on Artificial Intelligence},
 pages                = {606--610},
 title                = {Learning Functional Object-Categories from a Relational Spatio-Temporal Representation},
 year                 = {2008},
 }

@inproceedings{Sridhar2008,
 author               = {Sridhar, M. and Cohn, G. A. and Hogg, D.},
 booktitle            = {Proc. 18th Europ. Conf. Artificial Intelligence},
 pages                = {606--610},
 title                = {Learning functional object-categories from a relational spatio-temporal representation},
 year                 = {2008},
 }

@inproceedings{Surdeanu2003,
 author               = {Surdeanu, M. and Harabagiu, S. and Williams, J. and Aarseth, P.},
 booktitle            = {Proc. 41st Ann. Meet. Association for Computational Linguistics},
 location             = {Sapporo, Japan},
 numpages             = {8},
 pages                = {8--15},
 publisher            = {Association for Computational Linguistics},
 title                = {Using predicate-argument structures for information extraction},
 year                 = {2003},
 }

@inproceedings{Tamosiunaite11,
 author               = {Tamosiunaite, M. and Markelic, I. and Kulvicius, T. and Worgotter, F.},
 booktitle            = {11th IEEE-RAS International Conference on Humanoid Robots (Humanoids)},
 pages                = {557 -- 563},
 title                = {Generalizing objects by analyzing language},
 year                 = {2011},
 }

@article{Tenorth2011,
 author               = {Tenorth, M. and Klank, U. and Pangercic, D. and Beetz, M.},
 journal              = {IEEE Robotics \& Automation Magazine},
 pages                = {58--68},
 title                = {Web-enabbled robots},
 volume               = {18(2)},
 year                 = {2011},
 }

@article{Tracy1893,
 author               = {Tracy, F.},
 journal              = {Am. J. Psychol.},
 number               = {1},
 pages                = {l07--138},
 title                = {The language of childhood},
 volume               = {6},
 year                 = {1893},
 }

@incollection{Trueswell2007,
 address              = {Oxford},
 author               = {Trueswell, J. and Gleitman, L.},
 booktitle            = {Oxford Handbook of Psycholinguistics},
 citeulike-article-id = {8166502},
 editor               = {Gaskell, Gareth},
 pages                = {635--656},
 posted-at            = {2010-11-01 16:28:19},
 priority             = {0},
 publisher            = {Oxford University Press},
 title                = {Learning to Parse and its Implications for Language Acquisition},
 year                 = {2007},
 }

@article{Ude2010,
 author               = {Ude, Ale\v{s} and Gams, Andrej and Asfour, Tamim and Morimoto, Jun},
 journal              = {IEEE Trans. Robot.},
 number               = {5},
 pages                = {800-815},
 title                = {Task-Specific Generalization of Discrete and Periodic Dynamic Movement Primitives},
 volume               = {26},
 year                 = {2010},
 }

@article{Ude93,
 author               = {Aleš Ude},
 doi                  = {10.1016/0921-8890(93)90015-5},
 issn                 = {0921-8890},
 journal              = {Robotics and Autonomous Systems},
 keywords             = {Uncertainty},
 number               = {2},
 pages                = {113 - 127},
 title                = {Trajectory generation from noisy positions of object features for teaching robot paths},
 url                  = {http://www.sciencedirect.com/science/article/pii/0921889093900155},
 volume               = {11},
 year                 = {1993},
 }

@misc{Vedaldi2008,
 author               = {Vedaldi, A. and Fulkerson, B.},
 title                = {{VLFeat}: An Open and Portable Library of Computer Vision Algorithms},
 url                  = {http://www.vlfeat.org/},
 year                 = {2008},
 }

@article{Woergoetter_2012,
 author               = {W\"org\"otter, F. and Aksoy, E. E. and Kr\"uger, N. and Piater, J. and Ude, A. and Tamosiunaite, M.},
 journal              = {IEEE Transactions on Autonomous Mental Development, (submitted)},
 title                = {A Simple Ontology of Manipulation Actions based on Hand-Object Relations},
 year                 = {2012},
 }

@article{Yang97,
 author               = {Yang, Jie and Xu, Yangsheng and Chen, C. S.},
 journal              = {IEEE Transactions on Systems, Man, and Cybernetics - Part A: Systems and Humans},
 number               = {1},
 pages                = {34--44},
 title                = {Human action learning via hidden Markov model},
 volume               = {27},
 year                 = {1997},
 }
@article{TAMD13,
  author               = {W\"org\"otter, F. and Aksoy, E.E. and Kr\"uger, N. and  Piater, J. and Ude, A. and Tamosiunaite, M. },
  journal              = {IEEE Transactions on Autonomous Mental Development  (in press)},
  title                = {A Simple Ontology of Manipulation Actions based on Hand-Object Relations},
  year                 = {2013},
  }
@article{chiaverini1993parallel,
  title={The parallel approach to force/position control of robotic manipulators},
  author={Chiaverini, Stefano and Sciavicco, Lorenzo},
  journal={Robotics and Automation, IEEE Transactions on},
  volume={9},
  number={4},
  pages={361--373},
  year={1993},
  publisher={IEEE}
}
@Misc{            rtt-url,
  author        = {Soetens, P.},
  title         = {{RTT}: {R}eal-{T}ime {T}oolkit},
  howpublished  = {\url{http://www.orocos.org/rtt}},
}
 
@InProceedings{bruyninckx-icra2003,
  author        = {Bruyninckx, Herman and Soetens, Peter and Koninckx, Bob},
  title         = {The Real-Time Motion Control Core of the {O}rocos
        Project},
  booktitle     = {IEEE International Conference on Robotics and Automation},
  pages         = {2766--2771},
  year          = {2003}
}
 
@InProceedings{SoetensBruyninckx-icra2005,
  author        = {Soetens, Peter and Bruyninckx, Herman},
  title         = {Realtime Hybrid Task-Based Control for Robots and Machine
                  Tools},
  booktitle     = {IEEE International Conference on Robotics and Automation},
  pages         = {260--265},
  year          = {2005}
}
 
@PhDThesis{         soetens2006,
  author          = {Soetens, Peter},
  title           = {A Software Framework for Real-Time and Distributed Robot and
                    Machine Control},
  school          = {Department of Mechanical Engineering, Katholieke
Universiteit Leuven, Belgium},
  year            = {2006},
  month           = {May},
  note            = {\url{http://www.mech.kuleuven.be/dept/resources/docs/soetens.pdf}}
}